%! Author = Dinu
%! Date = 1/20/2021

